@Article{botea04,
author = {Botea and Muller and Schaeffer},
title = {Near Optimal Hierarchical Path-Finding},
journal = {Journal of Game Development},
year = {2004},
volume = {1},
number={1},
pages = {7-28},
}

@inproceedings{sturtevant05,
  author    = {Nathan R. Sturtevant and
               Michael Buro},
  title     = {Partial Pathfinding Using Map Abstraction and Refinement},
  booktitle = {AAAI},
  year      = {2005},
  pages     = {1392-1397},
}

@Article{geraerts07, 
author = {Geraerts, R.; Overmars, M.},
title = {The corridor map method: a general framework for real-time high-quality path planning},
journal = {Computer Animation and Virtual Worlds},
year = {2007},
pages = {107-119},
}

@inproceedings{demyen07,
  author    = {Douglas Demyen and
               Michael Buro},
  title     = {Efficient Triangulation-Based Pathfinding},
  booktitle = {AAAI},
  year      = {2006},
  pages = {942-947},
}

@Book{latombe91,
author = {Latombe, J.C},
title = {Robot Motion Planning},
publisher = {Kulwer Academic Publishers},
year = {1991},
pages = {295-355}
}

@article{astar,
	address = {New York, NY, USA},
	author = {Hart, Peter  E.  and Nilsson, Nils  J.  and Raphael, Bertram  },
	doi = {10.1145/1056777.1056779},
	issn = {0163-5719},
	journal = {SIGART Bull.},
	keywords = {decision-making, search},
	number = {37},
	pages = {28--29},
	posted-at = {2007-03-30 14:50:10},
	priority = {2},
	publisher = {ACM Press},
	title = {Correction to "A Formal Basis for the Heuristic Determination of Minimum Cost Paths"},
	url = {http://portal.acm.org/citation.cfm?id=1056779},
	year = {1972}
}

	

