
@Article{botea04,
author = {Botea and Muller and Schaeffer},
title = {Near Optimal Hierarchical Path-Finding},
journal = {Journal of Game Development},
year = {2004},
volume = {1},
number={1},
pages = {7-28},
}

@InProceedings{sturtevant05,
author = {Sturtevant, N. and Burro, M.},
title = {Partial Pathfinding Using Map Abstraction and Refinement},
booktitle = {American Association of Artificial Intelligence},
year = {2005},
month = {July},
}

@Article{geraerts07, 
author = {Geraerts, R.; Overmars, M.},
title = {The corridor map method: a general framework for real-time high-quality path planning},
journal = {Computer Animation and Virtual Worlds},
year = {2007},
pages = {107-119},
}

@InProceedings{demyen07,
author = {Demyen, D; Buro, M},
title = {Efficient Triangulation-based Pathfinding},
booktitle = {AIIDE},
year = {2007},
}


@InProceedings{holte96,
author = {Holte and Perez and Zimmer and MacDonald},
title = {Hierarchical A*: Searching Abstraction Hierarchies Efficiently},
booktitle = {American Association of Artificial Intelligence},
year = {1996},
pages= {530-535},
}


@Book{latombe91,
author = {Latombe, J.C},
title = {Robot Motion Planning},
publisher = {Kulwer Academic Publishers},
year = {1991},
}


@Book{choset05,
author = {Choset; Lynch; Hutchinson; Kantor; Burgard; Kavarki; Thrun},
title = {Principles of Robot Motion},
publisher = {MIT Press},
year = {2005},
}
